@ARTICLE{1490598,
author={Dimeas, A.L. and Hatziargyriou, N.D.},
journal={Power Systems, IEEE Transactions on},
title={Operation of a Multiagent System for Microgrid Control},
year={2005},
month={Aug},
volume={20},
number={3},
pages={1447-1455},
keywords={control engineering computing;multi-agent systems;power distribution control;power engineering computing;Microgrid control;classical distributed algorithm;energy market;multiagent system operation;optimal energy exchange;symmetrical assignment problem;Centralized control;Control systems;Distributed control;Energy storage;Low voltage;Multiagent systems;Optimal control;Power system interconnection;Production;Voltage control;Auction algorithm;distributed generation;energy market;microgrids;multi agent system;symmetrical assignment problem},
doi={10.1109/TPWRS.2005.852060},
ISSN={0885-8950},}

