@INPROCEEDINGS{4746976,
author={Logenthiran, T. and Srinivasan, D. and Wong, D.},
booktitle={Sustainable Energy Technologies, 2008. ICSET 2008. IEEE International Conference on},
title={Multi-agent coordination for DER in MicroGrid},
year={2008},
month={Nov},
pages={77-82},
keywords={decision making;multi-agent systems;power distribution reliability;power grids;power system management;power system simulation;DER management;FIPA contract net coordination;JADE framework;PowerWorld Simulator;autonomous decision making entities modeling;autonomous intelligent agent;distributed energy resource;low voltage distributed power network;microgrid reliability;multiagent system;Decision making;Density estimation robust algorithm;Distributed power generation;Energy management;Energy resources;Low voltage;Multiagent systems;Power system management;Power system modeling;Resource management},
doi={10.1109/ICSET.2008.4746976},}
