@INPROCEEDINGS{6911384,
author={Merabet, G.H. and Essaaidi, M. and Talei, H. and Abid, M.R. and Khalil, N. and Madkour, M. and Benhaddou, D.},
booktitle={Multimedia Computing and Systems (ICMCS), 2014 International Conference on},
title={Applications of Multi-Agent Systems in Smart Grids: A survey},
year={2014},
month={April},
pages={1088-1094},
keywords={artificial intelligence;multi-agent systems;power distribution;power engineering computing;power system management;smart power grids;AI;MAS;artificial intelligence;distributed systems;distribution system management;electric power generation systems;energy consumption;information technology;multi-agent systems;real-time monitoring;smart grids;Artificial intelligence;Educational institutions;Mathematical model;Monitoring;Software;Unified modeling language;Artificial Intelligence;Multi-Agent Systems;Smart Grid;distributed systems},
doi={10.1109/ICMCS.2014.6911384},}
