@ARTICLE{6818494,
author={Olivares, D.E. and Mehrizi-Sani, A. and Etemadi, A.H. and Canizares, C.A. and Iravani, R. and Kazerani, M. and Hajimiragha, A.H. and Gomis-Bellmunt, O. and Saeedifard, M. and Palma-Behnke, R. and Jimenez-Estevez, G.A. and Hatziargyriou, N.D.},
journal={Smart Grid, IEEE Transactions on},
title={Trends in Microgrid Control},
year={2014},
month={July},
volume={5},
number={4},
pages={1905-1919},
keywords={distributed power generation;power generation control;smart power grids;control level;host grid;intermittent renewable energy sources;microgrid control strategy;smart grid;Density estimation robust algorithm;Energy storage;Microgrids;Power system reliability;Power system stability;Reliability;Voltage control;Control;droop control;hierarchical control;microgrid;smart grid},
doi={10.1109/TSG.2013.2295514},
ISSN={1949-3053},}
