
@Article{en3091622,
AUTHOR = {Xiao, Zhe and Li, Tinghua and Huang, Ming and Shi, Jihong and Yang, Jingjing and Yu, Jiang and Wu, Wei},
TITLE = {Hierarchical MAS Based Control Strategy for Microgrid},
JOURNAL = {Energies},
VOLUME = {3},
YEAR = {2010},
NUMBER = {9},
PAGES = {1622--1638},
URL = {http://www.mdpi.com/1996-1073/3/9/1622},
ISSN = {1996-1073},
DOI = {10.3390/en3091622}
}



