
@Article{s101008888,
AUTHOR = {Kim, Hak-Man and Kinoshita, Tetsuo and Lim, Yujin and Kim, Tai-Hoon},
TITLE = {A Bankruptcy Problem Approach to Load-shedding in Multiagent-based Microgrid Operation},
JOURNAL = {Sensors},
VOLUME = {10},
YEAR = {2010},
NUMBER = {10},
PAGES = {8888--8898},
URL = {http://www.mdpi.com/1424-8220/10/10/8888},
PubMedID = {22163386},
ISSN = {1424-8220},
DOI = {10.3390/s101008888}
}



