
@Article{en6104956,
AUTHOR = {Yoo, Cheol-Hee and Chung, Il-Yop and Lee, Hak-Ju and Hong, Sung-Soo},
TITLE = {Intelligent Control of Battery Energy Storage for Multi-Agent Based Microgrid Energy Management},
JOURNAL = {Energies},
VOLUME = {6},
YEAR = {2013},
NUMBER = {10},
PAGES = {4956--4979},
URL = {http://www.mdpi.com/1996-1073/6/10/4956},
ISSN = {1996-1073},
DOI = {10.3390/en6104956}
}



