
@Article{en6116045,
AUTHOR = {Kuo, Ming-Tse and Lu, Shiue-Der},
TITLE = {Design and Implementation of Real-Time Intelligent Control and Structure Based on Multi-Agent Systems in Microgrids},
JOURNAL = {Energies},
VOLUME = {6},
YEAR = {2013},
NUMBER = {11},
PAGES = {6045--6059},
URL = {http://www.mdpi.com/1996-1073/6/11/6045},
ISSN = {1996-1073},
DOI = {10.3390/en6116045}
}



