
@Article{en7096050,
AUTHOR = {Wu, Xi and Jiang, Ping and Lu, Jing},
TITLE = {Multiagent-Based Distributed Load Shedding for  Islanded Microgrids},
JOURNAL = {Energies},
VOLUME = {7},
YEAR = {2014},
NUMBER = {9},
PAGES = {6050--6062},
URL = {http://www.mdpi.com/1996-1073/7/9/6050},
ISSN = {1996-1073},
DOI = {10.3390/en7096050}
}



