
@Article{en7053355,
AUTHOR = {Gomez-Sanz, Jorge J. and Garcia-Rodriguez, Sandra and Cuartero-Soler, Nuria and Hernandez-Callejo, Luis},
TITLE = {Reviewing Microgrids from a Multi-Agent Systems Perspective},
JOURNAL = {Energies},
VOLUME = {7},
YEAR = {2014},
NUMBER = {5},
PAGES = {3355--3382},
URL = {http://www.mdpi.com/1996-1073/7/5/3355},
ISSN = {1996-1073},
DOI = {10.3390/en7053355}
}



