
@Article{en8010031,
AUTHOR = {Dou, Xiaobo and Quan, Xiangjun and Wu, Zaijun and Hu, Minqiang and Yang, Kang and Yuan, Jian and Wang, Mengmeng},
TITLE = {Hybrid Multi-Agent Control in Microgrids: Framework,  Models and Implementations Based on IEC 61850},
JOURNAL = {Energies},
VOLUME = {8},
YEAR = {2014},
NUMBER = {1},
PAGES = {31--58},
URL = {http://www.mdpi.com/1996-1073/8/1/31},
ISSN = {1996-1073},
DOI = {10.3390/en8010031}
}



